@book{crowder2019electric,
  author    = {Crowder, Richard},
  publisher = {Butterworth-Heinemann},
  title     = {Electric drives and electromechanical systems: applications and control},
  year      = {2019}
}

@book{kim2017electric,
  author    = {Kim, Sang-Hoon},
  publisher = {Elsevier},
  title     = {Electric motor control: DC, AC, and BLDC motors},
  year      = {2017}
}



@article{px4_pwm,
  author    = {Pixhawk-4 user manual},
  publisher = {},
  title     = {\url{https://docs.px4.io/main/en/peripherals pwm\_escs\_and\_servo.html#pwm-servos-and-escs-motor-controllers}},
  year      = {}
}
